@Book{Cox,
 Author = {Cox, David A.},
 Title = {Primes of the Form {{\(x^2+ny^2\)}}},
 subtitle = {{Fermat}, Class Field Theory, and Complex Multiplication},
 % titleaddon = {{Third} edition with solutions. {With} contributions by {Roger} {Lipsett}},
 Edition = {3rd edition},
 FSeries = {AMS Chelsea Publishing},
 Series = {AMS Chelsea Publ.},
 Volume = {387},
 ISBN = {978-1-4704-7028-9; 978-1-4704-7183-5},
 Year = {2022},
 Publisher = {Providence, RI: American Mathematical Society (AMS)},
 Language = {English},
 DOI = {10.1090/chel/387},
 Keywords = {11-02,11F11,11R11,11R16,11R18,11R37,11Y11},
 zbMATH = {7635220},
 Zbl = {1504.11002}
}

@Book{MontgomeryNivenZuckerman,
 Author = {Niven, Ivan and Zuckerman, Herbert S. and Montgomery, Hugh L.},
 Title = {An Introduction to the Theory of Numbers.},
 Edition = {5th ed.},
 ISBN = {0-471-62546-9; 0-471-54600-3},
 Year = {1991},
 Publisher = {New York etc.: John Wiley \&| Sons, Inc.},
 Language = {English},
 Keywords = {11-01},
 zbMATH = {51347},
 Zbl = {0742.11001}
}

@Book{Landau,
 Author = {Landau, Edmund},
 Title = {Elementary Number Theory},
 % titleaddon = {{Translated} from the {German} by {J}. {E}. {Goodman}. {With} added exercises by {P}. {T}. {Bateman} and {Eugene} {Kohlbecker}},
 Edition = {Reprint of the 1966 2nd edition},
 ISBN = {0-8218-2004-4},
 Year = {1999},
 Publisher = {Providence, RI: American Mathematical Society (AMS)},
 Language = {English},
 Keywords = {11-01,01A75,11Axx,11Nxx,11E12,11E25},
 zbMATH = {5676764},
 Zbl = {1182.11002}
}

@Book{IrelandRosen,
 Author = {Ireland, Kenneth and Rosen, Michael},
 Title = {A Classical Introduction to Modern Number Theory},
 Edition = {2nd ed.},
 FSeries = {Graduate Texts in Mathematics},
 Series = {Grad. Texts Math.},
 ISSN = {0072-5285},
 Volume = {84},
 ISBN = {0-387-97329-X},
 Year = {1990},
 Publisher = {New York etc.: Springer-Verlag},
 Language = {English},
 Keywords = {11-01,11Axx,11Gxx,11Nxx,11Rxx,11Txx,11Dxx,11G05,11G40,11D41,14H52},
 zbMATH = {47996},
 Zbl = {0712.11001}
}

@Book{KatoKurokawaSaitoOne,
 Author = {Kato, Kazuya and Kurokawa, Nobushige and Saito, Takeshi},
 Title = {Number Theory 1},
 subtitle = {{Fermat}'s Dream},
 % titleaddon = {{Transl}. from the {Japanese} by {Masato} {Kuwata}},
 FSeries = {Translations of Mathematical Monographs},
 Series = {Transl. Math. Monogr.},
 ISSN = {0065-9282},
 Volume = {186},
 ISBN = {0-8218-0863-X},
 Year = {2000},
 Publisher = {Providence, RI: American Mathematical Society},
 Language = {English},
 Keywords = {11-01,11G05,11M06,11R11,11D41,11R29,11E25},
 zbMATH = {1402557},
 Zbl = {0953.11003}
}

@Book{DavenportHigher,
 Author = {Davenport, Harold},
 Title = {The Higher Arithmetic},
 subtitle = {{An} Introduction to the Theory of Numbers},
 % titleaddon = {{Editing} and additional material by {James} {H}. {Davenport}},
 Edition = {8th revised ed.},
 ISBN = {978-0-521-72236-0; 978-0-511-81809-7},
 Year = {2008},
 Publisher = {Cambridge: Cambridge University Press},
 Language = {English},
 DOI = {10.1017/CBO9780511818097},
 Keywords = {11-01,11A07,11A15,11A41,11Y05,11D04,11Y11,11D09,11Y16,11D25,11H55,11A55},
 zbMATH = {5357350},
 Zbl = {1204.11002}
}

@Book{HardyWrightSixth,
 Author = {Hardy, G. H. and Wright, E. M.},
 Editor = {Heath-Brown, D. R. and Silverman, J. H.},
 Title = {An Introduction to the Theory of Numbers},
 % titleaddon = {{Edited} and revised by {D}. {R}. {Heath}-{Brown} and {J}. {H}. {Silverman}. {With} a foreword by {Andrew} {Wiles}},
 Edition = {6th ed.},
 ISBN = {978-0-19-921986-5; 978-0-19-921985-8},
 Year = {2008},
 Publisher = {Oxford: Oxford University Press},
 Language = {English},
 Keywords = {11-01,11Axx,11Mxx,11Nxx,11G05},
 zbMATH = {5309455},
 Zbl = {1159.11001}
}

@Misc{Gauss,
 Author = {Gau{\ss}, Carl Friedrich},
 Title = {Disquisitiones arithmeticae},
 % titleaddon = {{Transl}. from the {Latin} by {Arthur} {A}. {Clarke}, {Rev}. by {William} {C}. {Waterhouse}, with the help of {Cornelius} {Greither} and {A}. {W}. {Grootendorst}. ({Reprint} of the 1966 ed.)},
 Year = {1986},
 Language = {English},
 HowPublished = {New {York} etc.: {Springer}-{Verlag}. xx, 472 p. {DM} 148.00 (1986).},
 Keywords = {11-03,01A55,01A75},
 zbMATH = {3937234},
 Zbl = {0585.10001}
}

@Book{LangAlgebra,
 Author = {Lang, Serge},
 Title = {Algebra},
 Edition = {3rd revised ed.},
 FSeries = {Graduate Texts in Mathematics},
 Series = {Grad. Texts Math.},
 ISSN = {0072-5285},
 Volume = {211},
 ISBN = {0-387-95385-X},
 Year = {2002},
 Publisher = {New York, NY: Springer},
 Language = {English},
 Keywords = {00A05,12-01,13-01,15-01,16-01,18-01,20-01,14-01,11-01},
 zbMATH = {1703931},
 Zbl = {0984.00001}
}

@Book{GentileAlgebraI,
 Author = {Gentile, Enzo R.},
 Title = {Notas de \'Algebra I},
 Edition = {3rd corrected and augmented ed.},
 FSeries = {},
 Series = {Ediciones Previas},
 ISSN = {},
 Volume = {},
 ISBN = {950-23-0107-2},
 Year = {1984},
 Publisher = {Buenos Aires: EUDEBA},
 Language = {Spanish},
 Keywords = {},
 zbMATH = {},
 Zbl = {}
}

@Book{Davenport,
 Author = {Davenport, Harold},
 Title = {Multiplicative Number Theory},
 Edition = {2nd. ed.},
 note = {{Rev}. by {Hugh} {L}. {Montgomery}},
 FSeries = {Graduate Texts in Mathematics},
 Series = {Grad. Texts Math.},
 ISSN = {0072-5285},
 Volume = {74},
 Year = {1980},
 Publisher = {Springer, Cham},
 Language = {English},
 Keywords = {11-02,11Lxx,11Mxx,11Nxx,11P32,11N35},
 zbMATH = {3708485},
 Zbl = {0453.10002}
}

@book{Flath,
 author = {Flath, Daniel E.},
 title = {Introduction to Number Theory},
 isbn = {0-471-60836-X},
 year = {1989},
 publisher = {New York etc.: Wiley},
 language = {English},
 keywords = {11-01,11Axx,11Dxx,11Exx,11E41},
 zbMATH = {193733},
 Zbl = {0651.10001}
}

@book{Fernando,
 author = {Rodr\'iguez Villegas, Fernando},
 title = {Experimental Number Theory},
 fseries = {Oxford Graduate Texts in Mathematics},
 series = {Oxf. Grad. Texts Math.},
 volume = {13},
 isbn = {978-0-19-922730-3; 978-0-19-852822-7},
 year = {2007},
 publisher = {Oxford: Oxford University Press},
 language = {English},
 keywords = {11-01,11-04,11Yxx,11B68,11P81,11R09,11E25,11M38,11R42,11S40,11Sxx},
 zbMATH = {5162223},
 Zbl = {1130.11002}
}

@book{Koblitz,
 author = {Koblitz, Neal},
 title = {{{\(p\)}}-adic Numbers, {{\(p\)}}-adic Analysis, and zeta-functions},
 fseries = {Graduate Texts in Mathematics},
 series = {Grad. Texts Math.},
 issn = {0072-5285},
 volume = {58},
 year = {1977},
 publisher = {Springer, Cham},
 language = {English},
 keywords = {11S99,12-02,11S45},
 zbMATH = {3566956},
 Zbl = {0364.12015}
}

@book{Robert,
 author = {Robert, Alain M.},
 title = {A Course in {{\(p\)}}-adic Analysis},
 fseries = {Graduate Texts in Mathematics},
 series = {Grad. Texts Math.},
 issn = {0072-5285},
 volume = {198},
 isbn = {0-387-98669-3},
 year = {2000},
 publisher = {New York, NY: Springer},
 language = {English},
 keywords = {11Sxx,11-01,30G06,30-01,46S10},
 zbMATH = {1482142},
 Zbl = {0947.11035}
}

